@article{museth2013vdb,
  title={{VDB}: High-resolution sparse volumes with dynamic topology},
  author={Museth, Ken},
  journal={ACM Transactions on Graphics (TOG)},
  volume={32},
  number={3},
  pages={27},
  year={2013},
  publisher={ACM}
}
@inproceedings{singh2009fast,
  title={Fast occlusion sweeping},
  author={Singh, Mayank and Yuksel, Cem and House, Donald},
  booktitle={International Symposium on Visual Computing},
  pages={167--178},
  year={2009},
  organization={Springer}
}