@article{museth2013vdb,
  title={{VDB}: High-resolution sparse volumes with dynamic topology},
  author={Museth, Ken},
  journal={ACM Transactions on Graphics (TOG)},
  volume={32},
  number={3},
  pages={27},
  year={2013},
  publisher={ACM}
}
@inproceedings{singh2009fast,
  title={Fast occlusion sweeping},
  author={Singh, Mayank and Yuksel, Cem and House, Donald},
  booktitle={International Symposium on Visual Computing},
  pages={167--178},
  year={2009},
  organization={Springer}
}
@inproceedings{Evans:2006:FAG:1185657.1185834,
 author = {Evans, Alex},
 title = {Fast Approximations for Global Illumination on Dynamic Scenes},
 booktitle = {ACM SIGGRAPH 2006 Courses},
 series = {SIGGRAPH '06},
 year = {2006},
 isbn = {1-59593-364-6},
 location = {Boston, Massachusetts},
 pages = {153--171},
 numpages = {19},
 url = {http://doi.acm.org/10.1145/1185657.1185834},
 doi = {10.1145/1185657.1185834},
 acmid = {1185834},
 publisher = {ACM},
 address = {New York, NY, USA},
} 

@misc{libigl,
  title = {{libigl}: A simple {C++} geometry processing library},
  author = {Alec Jacobson and Daniele Panozzo and others},
  note = {http://libigl.github.io/libigl/},
  year = {2018},
}